@misc{bibliography_item,
  title = {title},
  author = {author, name},
  year = {2008},
  month = mar,
  journal = {nature_obviously},
  abstract = {a really cool piece of work.},
  langid = {american},
}
